@online{source1,
    publisher = "Espressif Systems (Shanghai) Co., Ltd.",
    author = "Espressif Systems (Shanghai) Co., Ltd.",
    title = "ESP-IDF Programming Guide",
    url  = "https://docs.espressif.com/projects/esp-idf/en/latest/esp32/",
}


@online{source2,
    title = "espressif/esp-idf",
    url  = "https://github.com/espressif/esp-idf/tree/master/examples/",
}

@online{source3,
    publisher = "PlatformIO",
    author = "PlatformIO",
    title = "PlatformIO IDE for VSCode",
    url  = "https://docs.platformio.org/en/latest/integration/ide/vscode.html",
}

@online{source4,
    author = "ROHM Semiconductor",
    title = "Digital 16bit Serial Output Type Ambient Light Sensor IC",
    url  = "https://www.laskakit.cz/user/related_files/bh1750fvi-e-186247.pdf",
}

@online{source5,
    author = "Ing. Vojtěch Mrázek, Ph.D.",
    title = "Projekt - ESP32 (M)",
    url  = "https://moodle.vut.cz/mod/page/view.php?id=338880",
}
